<record><leader>00000cas a22000007i 4500</leader><controlfield tag="001">887949484</controlfield><controlfield tag="006">m     o  d        </controlfield><controlfield tag="007">cr |n|000|||||</controlfield><controlfield tag="008">941024d19111929azuwr neo     0   a0eng  </controlfield><datafield ind1=" " ind2=" " tag="010"><subfield code="a">  2014218493</subfield></datafield><datafield ind1=" " ind2=" " tag="040"><subfield code="a">Nz</subfield><subfield code="b">eng</subfield><subfield code="e">rda</subfield><subfield code="c">Z5A</subfield><subfield code="d">OCLCO</subfield><subfield code="d">DLC</subfield><subfield code="d">OCLCF</subfield></datafield><datafield ind1="0" ind2=" " tag="022"><subfield code="a">2374-7323</subfield><subfield code="2">1</subfield></datafield><datafield ind1="0" ind2=" " tag="029"><subfield code="a">NZ1</subfield><subfield code="b">15558343</subfield></datafield><datafield ind1="1" ind2=" " tag="029"><subfield code="a">NZ1</subfield><subfield code="b">16179142</subfield></datafield><datafield ind1=" " ind2=" " tag="042"><subfield code="a">msc</subfield><subfield code="a">nsdp</subfield></datafield><datafield ind1=" " ind2=" " tag="043"><subfield code="a">n-us-az</subfield></datafield><datafield ind1="1" ind2="0" tag="050"><subfield code="a">ISSN RECORD</subfield></datafield><datafield ind1="0" ind2="0" tag="082"><subfield code="a">071</subfield><subfield code="2">23</subfield></datafield><datafield ind1="0" ind2=" " tag="130"><subfield code="a">Copper era and Morenci leader (Online)</subfield></datafield><datafield ind1=" " ind2="4" tag="222"><subfield code="a">The copper era and Morenci leader</subfield><subfield code="b">(Online)</subfield></datafield><datafield ind1="0" ind2="4" tag="245"><subfield code="a">The copper era and Morenci leader.</subfield></datafield><datafield ind1="1" ind2="7" tag="246"><subfield code="a">Copper era</subfield></datafield><datafield ind1=" " ind2="1" tag="264"><subfield code="a">Clifton, Greenlee County, Arizona :</subfield><subfield code="b">The Era Publishing Company,</subfield><subfield code="c">1911-</subfield></datafield><datafield ind1=" " ind2=" " tag="300"><subfield code="a">1 online resource</subfield></datafield><datafield ind1=" " ind2=" " tag="310"><subfield code="a">Weekly</subfield></datafield><datafield ind1=" " ind2=" " tag="336"><subfield code="a">text</subfield><subfield code="b">txt</subfield><subfield code="2">rdacontent</subfield></datafield><datafield ind1=" " ind2=" " tag="337"><subfield code="a">computer</subfield><subfield code="b">c</subfield><subfield code="2">rdamedia</subfield></datafield><datafield ind1=" " ind2=" " tag="338"><subfield code="a">online resource</subfield><subfield code="b">cr</subfield><subfield code="2">rdacarrier</subfield></datafield><datafield ind1="1" ind2=" " tag="362"><subfield code="a">Began with volume XIII, number 28 (December 1, 1911); ceased September 14, 1929.</subfield></datafield><datafield ind1=" " ind2=" " tag="580"><subfield code="a">Merger of: Copper era (Clifton, Ariz. : 1899), and: Morenci leader.</subfield></datafield><datafield ind1=" " ind2=" " tag="588"><subfield code="a">Description based on: olume XIII, number 28 (December 1, 1911); title from masthead (Chroniclingamerica.loc.gov, viewed September 10, 2014).</subfield></datafield><datafield ind1=" " ind2=" " tag="588"><subfield code="a">Latest issue cosulted: Volume XXIV, number 33 (December 29, 1922) (Chroniclingamerica.loc.gov, viewed September 10, 2014).</subfield></datafield><datafield ind1=" " ind2="0" tag="651"><subfield code="a">Clifton (Ariz.)</subfield><subfield code="v">Newspapers.</subfield></datafield><datafield ind1=" " ind2="0" tag="651"><subfield code="a">Morenci (Ariz.)</subfield><subfield code="v">Newspapers.</subfield></datafield><datafield ind1=" " ind2="0" tag="651"><subfield code="a">Greenlee County (Ariz.)</subfield><subfield code="v">Newspapers.</subfield></datafield><datafield ind1=" " ind2="7" tag="655"><subfield code="a">Newspapers.</subfield><subfield code="2">fast</subfield><subfield code="0">(OCoLC)fst01423814</subfield></datafield><datafield ind1=" " ind2="7" tag="651"><subfield code="a">Arizona</subfield><subfield code="z">Clifton.</subfield><subfield code="2">fast</subfield><subfield code="0">(OCoLC)fst01283548</subfield></datafield><datafield ind1=" " ind2="7" tag="651"><subfield code="a">Arizona</subfield><subfield code="z">Greenlee County.</subfield><subfield code="2">fast</subfield><subfield code="0">(OCoLC)fst01212051</subfield></datafield><datafield ind1=" " ind2="7" tag="651"><subfield code="a">Arizona</subfield><subfield code="z">Morenci.</subfield><subfield code="2">fast</subfield><subfield code="0">(OCoLC)fst01234022</subfield></datafield><datafield ind1=" " ind2=" " tag="752"><subfield code="a">United States</subfield><subfield code="b">Arizona</subfield><subfield code="c">Greenlee</subfield><subfield code="d">Clifton.</subfield></datafield><datafield ind1="0" ind2="8" tag="776"><subfield code="i">Originally issued in print:</subfield><subfield code="t">Copper era and Morenci leader</subfield><subfield code="x">2374-7315</subfield><subfield code="w">(DLC)sn 94050892</subfield><subfield code="w">(OCoLC)31346335</subfield></datafield><datafield ind1="0" ind2="1" tag="780"><subfield code="t">Mining journal (Clifton, Ariz. : Online)</subfield></datafield><datafield ind1="1" ind2="4" tag="780"><subfield code="t">Copper era (Online)</subfield></datafield><datafield ind1="1" ind2="4" tag="780"><subfield code="t">Morenci leader (Online)</subfield></datafield><datafield ind1="0" ind2="0" tag="785"><subfield code="t">Copper era consolidated with Duncan Valley news and Morenci leader (Online)</subfield></datafield><datafield ind1="4" ind2="0" tag="856"><subfield code="u">http://www.loc.gov/chroniclingamerica/lccn/sn94050892/issues</subfield></datafield></record>